1796 3121
75 739 269 862 Scripta
315 808 367 848 ad
408 807 572 847 Floram
618 807 800 848 Fenniae
834 808 1123 848 illustrandam
1156 812 1413 865 spectantia,
1460 826 1565 865 quac

71 915 172 941 sane
217 914 352 953 pauca
397 900 611 950 habemus⁷
659 901 837 939 adversa
884 914 1049 952 semper
1095 901 1263 941 fortuna
1308 908 1451 942 secuta
1489 910 1565 943 cst.

71 991 177 1031 Nam
215 992 414 1043 pleraque
455 1004 599 1029 eorum
639 1004 721 1029 non
763 991 959 1030 absoluta
997 996 1093 1030 sunt
1130 996 1172 1031 et
1210 993 1412 1044 perfecta.
1474 994 1566 1043 Quo

71 1083 112 1121 in
157 1094 330 1120 numero
376 1082 503 1120 ctiam
535 1085 599 1120 est.
638 1080 816 1128 „Florae
846 1080 1035 1134 fannio-ae
1069 1082 1361 1122 Brevtara'mffl
1394 1089 1567 1123 auctore

70 1171 114 1212 L.
145 1173 183 1211 J.
215 1173 387 1225 Prytz.
448 1171 540 1211 Hoc
572 1185 689 1224 opus,
722 1172 832 1223 quod
874 1173 914 1210 in
946 1173 1081 1212 forma
1112 1174 1440 1226 disputationum
1473 1188 1566 1214 aca-

71 1265 327 1303 demicarum
367 1263 515 1303 Aboae
559 1264 830 1302 1819-1821
871 1265 1026 1303 editum
1066 1270 1148 1317 est,
1180 1266 1346 1317 plautas
1378 1267 1567 1306 fennicas

73 1353 219 1392 ordine
262 1353 444 1392 naturali
486 1353 712 1405 dispositas
753 1354 945 1393 omnibus
978 1356 1265 1407 superioribus
1297 1357 1427 1395 fusius
1460 1361 1566 1396 trac-

73 1448 146 1482 tat.
208 1443 291 1483 Sed
322 1457 445 1495 quum
479 1448 626 1483 auctor
657 1445 800 1495 paullo
833 1449 942 1496 post,
975 1459 1121 1484 munus
1154 1447 1305 1485 medici
1328 1448 1565 1498 provincia-

70 1535 122 1573 lis
152 1535 342 1585 initurus,
375 1534 633 1573 domicilium
664 1535 705 1572 iu
737 1535 980 1586 paroeciam
1014 1535 1242 1587 Saarijarvi
1287 1536 1569 1574 transtulisset

72 1630 114 1664 et
144 1626 251 1664 diem
293 1625 399 1664 obiit
429 1638 666 1677 supremum
699 1626 765 1664 23.
797 1626 910 1664 Junii
946 1627 1077 1677 1823,
1124 1639 1227 1678 opus
1267 1640 1384 1665 suum
1417 1627 1566 1678 imper-

70 1716 226 1755 fectum
258 1716 437 1767 reliquit.
496 1716 636 1754 Multis
669 1716 821 1755 abhinc
853 1717 971 1754 aunis
1003 1716 1155 1755 librum
1187 1719 1275 1767 ejus
1306 1717 1567 1769 manuscrip-

72 1811 157 1846 tum
202 1808 310 1847 inter
355 1808 460 1846 alias
507 1807 699 1858 chartas„
746 1819 853 1858 quae
898 1807 1009 1858 apud
1054 1807 1343 1846 Professorem
1383 1807 1419 1845 J.
1459 1807 1511 1845 M.
1544 1820 1568 1845 a

71 1896 375 1950 Tengstrom
407 1901 539 1948 erant„
571 1896 744 1936 fortuifo
777 1898 931 1936 inveni.
993 1897 1112 1945 Quae
1141 1897 1288 1936 harum
1319 1897 1567 1936 scheda-rum

72 1988 254 2027 noudum
291 1988 429 2026 editae
464 1991 572 2038 sunt,
618 2000 689 2026 eas
739 2000 860 2035 nunc,
909 1988 1056 2026 amicis
1102 1988 1253 2026 Florae
1301 1987 1493 2025 sennicae
1524 1986 1565 2024 id

71 2081 310 2130 pergratum
343 2078 433 2117 fore
465 2091 652 2129 sperans,
685 2079 796 2129 typis
827 2078 1129 2118 exscribendas
1161 2078 1318 2116 curavi.
